%
%  Vzor bibliografické databáze pro automatickou tvorbu seznamu referencí
%  pomocí BibTeXu
%
%  Doporučený software pro správu databáze literatury formátu *.bib:
%    JabRef, http://jabref.sourceforge.net/
%
%  POZOR:
%
%    *  Písmena v názvech publikací, jež je třeba tisknout vždy velká, se musejí psát
%       do složených závorek ({T}hailand, {HIV})
%
%  ===========================================================================

@BOOK{millington2016artificial,
  title        = {Artificial Intelligence for Games},
  author       = {Millington, Ian and Funge, John},
  year         = 2016,
  publisher    = {CRC Press}
}

@book{russell2021artificial,
  title        = {Artificial Intelligence: A Modern Approach},
  author       = {Russell, Stuart and Norvig, Peter},
  year         = 2021,
  publisher    = {Pearson Education},
  isbn         = {978-1-292-40113-3}
}

@phdthesis{chaslot2010monte,
  title        = {Monte-Carlo Tree Search},
  author       = {Chaslot, Guillaume},
  year         = 2010,
  school       = {Universiteit Maastricht},
  address      = {Maastricht}
}

@misc{pilatEvolucniAlgoritmy,
  author       = {Martin Pilát},
  title        = {Evoluční algoritmy - Úvod},
  year         = 2024,
  url          = {https://martinpilat.com/cs/prirodou-inspirovane-algoritmy/evolucni-algoritmy-uvod},
  note         = {Accessed: 2024-07-07}
}
@misc{calicoGame,
  author       = {My Automa},
  title        = {Calico Game},
  year         = 2024,
  url          = {https://myautoma.github.io/games/calico/index.html},
  note         = {Accessed: 2024-07-07}
}

@misc{quiltsAndCatsOfCalico,
  author       = {Steam Store},
  title        = {Quilts and Cats of Calico},
  year         = 2024,
  url          = {https://store.steampowered.com/app/1993180/Quilts_and_Cats_of_Calico/},
  note         = {Accessed: 2024-07-07}
}

@misc{calicoRules,
  author       = {Alderac Entertainment Group},
  title        = {Calico Rules},
  year         = 2020,
  url          = {https://www.alderac.com/wp-content/uploads/2020/09/Calico-Rules.pdf},
  note         = {Accessed: 2024-07-07}
}

